gustaf@Vizard.2194:1395824062